<record><leader>00000cas a2200000 a 4500</leader><controlfield tag="001">17315424</controlfield><controlfield tag="008">880107c19679999nyuwr ne      0   a0eng c</controlfield><datafield ind1=" " ind2=" " tag="010"><subfield code="a">sn 88074005 </subfield></datafield><datafield ind1=" " ind2=" " tag="040"><subfield code="a">NYS</subfield><subfield code="b">eng</subfield><subfield code="c">NYS</subfield><subfield code="d">NYG</subfield><subfield code="d">NYS</subfield><subfield code="d">NSD</subfield><subfield code="d">NYS</subfield><subfield code="d">OCLCQ</subfield><subfield code="d">OCLCF</subfield><subfield code="d">OCLCO</subfield></datafield><datafield ind1=" " ind2=" " tag="012"><subfield code="l">1</subfield></datafield><datafield ind1="1" ind2=" " tag="022"><subfield code="a">1064-4644</subfield><subfield code="l">1064-4644</subfield><subfield code="2">1</subfield></datafield><datafield ind1=" " ind2=" " tag="037"><subfield code="b">24 Park Row, Chatham, NY 12037-1210</subfield></datafield><datafield ind1=" " ind2=" " tag="042"><subfield code="a">pcc</subfield><subfield code="a">nsdp</subfield></datafield><datafield ind1=" " ind2=" " tag="043"><subfield code="a">n-us-ny</subfield></datafield><datafield ind1=" " ind2="4" tag="222"><subfield code="a">The Chatham courier, the rough notes</subfield></datafield><datafield ind1="0" ind2="4" tag="245"><subfield code="a">The Chatham courier, the rough notes.</subfield></datafield><datafield ind1="1" ind2="7" tag="246"><subfield code="a">Chatham courier-rough notes</subfield><subfield code="f">1967-</subfield></datafield><datafield ind1="1" ind2="7" tag="246"><subfield code="a">Chatham courier</subfield><subfield code="f">&lt;June 25, 1992-&gt;</subfield></datafield><datafield ind1=" " ind2=" " tag="260"><subfield code="a">Chatham, N.Y. :</subfield><subfield code="b">Chatham Courier Co.,</subfield><subfield code="c">1967-</subfield></datafield><datafield ind1=" " ind2=" " tag="300"><subfield code="a">v.</subfield></datafield><datafield ind1=" " ind2=" " tag="310"><subfield code="a">Weekly</subfield></datafield><datafield ind1="0" ind2=" " tag="362"><subfield code="a">141st year, no. 46 (Feb. 16, 1967)-</subfield></datafield><datafield ind1=" " ind2=" " tag="588"><subfield code="a">Latest issue consulted: 168th year, no. 4 (June 25, 1992).</subfield></datafield><datafield ind1=" " ind2="0" tag="651"><subfield code="a">Chatham (N.Y.)</subfield><subfield code="v">Newspapers.</subfield></datafield><datafield ind1=" " ind2="0" tag="651"><subfield code="a">Columbia County (N.Y.)</subfield><subfield code="v">Newspapers.</subfield></datafield><datafield ind1=" " ind2="7" tag="655"><subfield code="a">Newspapers.</subfield><subfield code="2">fast</subfield><subfield code="0">(OCoLC)fst01423814</subfield></datafield><datafield ind1=" " ind2="7" tag="651"><subfield code="a">New York (State)</subfield><subfield code="z">Chatham.</subfield><subfield code="2">fast</subfield><subfield code="0">(OCoLC)fst01258056</subfield></datafield><datafield ind1=" " ind2="7" tag="651"><subfield code="a">New York (State)</subfield><subfield code="z">Columbia County.</subfield><subfield code="2">fast</subfield><subfield code="0">(OCoLC)fst01223301</subfield></datafield><datafield ind1=" " ind2=" " tag="752"><subfield code="a">United States</subfield><subfield code="b">New York</subfield><subfield code="c">Columbia</subfield><subfield code="d">Chatham.</subfield></datafield><datafield ind1="0" ind2="4" tag="780"><subfield code="t">Chatham courier (Chatham, N.Y.)</subfield><subfield code="w">(DLC)sn 89071126</subfield></datafield><datafield ind1="0" ind2="4" tag="780"><subfield code="t">Rough notes (Valatie, N.Y.)</subfield><subfield code="w">(DLC)sn 89071119</subfield></datafield><datafield ind1="4" ind2="1" tag="856"><subfield code="u">http://www.chathamcourier.com</subfield></datafield></record>